<?xml version="1.0" encoding="UTF-8"?><collection xmlns="http://www.loc.gov/MARC21/slim"><record><leader>00390nam--2200121-i-4500</leader><controlfield tag="001">000044711</controlfield><controlfield tag="002">20161230</controlfield><controlfield tag="005">20161230201044</controlfield><controlfield tag="008">060222s1000------------r-----000-0-eng-d</controlfield><datafield ind1=" " ind2=" " tag="100"><subfield code="a">Tiganov, S.V</subfield></datafield><datafield ind1=" " ind2=" " tag="245"><subfield code="a">Metoda planificarii operatiilor de montaj la instalatiile electrice in cadrul brigazii de munca. trad.din l.rusa</subfield></datafield><datafield ind1=" " ind2=" " tag="260"><subfield code="a">Bucuresti, Edit.Energetica De Stat, 1953, 38p</subfield></datafield><datafield ind1=" " ind2=" " tag="852"><subfield code="a">3122</subfield></datafield></record></collection>